<record><leader>00000cas a22000007a 4500</leader><controlfield tag="001">15187927</controlfield><controlfield tag="008">870212d19861998inuwr ne      0    0eng d</controlfield><datafield ind1=" " ind2=" " tag="010"><subfield code="a">sn 87055311 </subfield></datafield><datafield ind1=" " ind2=" " tag="040"><subfield code="a">NPI</subfield><subfield code="b">eng</subfield><subfield code="c">NPI</subfield><subfield code="d">OCLCQ</subfield><subfield code="d">OCLCF</subfield><subfield code="d">OCLCO</subfield><subfield code="d">IUL</subfield><subfield code="d">OCL</subfield></datafield><datafield ind1=" " ind2=" " tag="042"><subfield code="a">msc</subfield></datafield><datafield ind1=" " ind2=" " tag="043"><subfield code="a">n-us-in</subfield></datafield><datafield ind1="0" ind2="0" tag="245"><subfield code="a">Prairie review.</subfield></datafield><datafield ind1=" " ind2=" " tag="260"><subfield code="a">Brookston, Ind. :</subfield><subfield code="b">Jack G. and I. Sue Hughes,</subfield><subfield code="c">1986-1998.</subfield></datafield><datafield ind1=" " ind2=" " tag="300"><subfield code="a">13 v. :</subfield><subfield code="b">ill.</subfield></datafield><datafield ind1=" " ind2=" " tag="310"><subfield code="a">Weekly</subfield></datafield><datafield ind1="0" ind2=" " tag="362"><subfield code="a">Vol. 1, no. 1 (June 12, 1986)-v. 13, no. 03 (June 24, 1998).</subfield></datafield><datafield ind1=" " ind2="0" tag="651"><subfield code="a">Brookston (Ind.)</subfield><subfield code="v">Newspapers.</subfield></datafield><datafield ind1=" " ind2="0" tag="651"><subfield code="a">White County (Ind.)</subfield><subfield code="v">Newspapers.</subfield></datafield><datafield ind1=" " ind2="7" tag="651"><subfield code="a">Indiana</subfield><subfield code="z">White County.</subfield><subfield code="2">fast</subfield><subfield code="0">(OCoLC)fst01219027</subfield></datafield><datafield ind1=" " ind2="7" tag="651"><subfield code="a">Indiana</subfield><subfield code="z">Brookston.</subfield><subfield code="2">fast</subfield><subfield code="0">(OCoLC)fst01259172</subfield></datafield><datafield ind1=" " ind2="7" tag="655"><subfield code="a">Newspapers.</subfield><subfield code="2">fast</subfield><subfield code="0">(OCoLC)fst01423814</subfield></datafield><datafield ind1=" " ind2=" " tag="752"><subfield code="a">United States</subfield><subfield code="b">Indiana</subfield><subfield code="c">White</subfield><subfield code="d">Brookston.</subfield></datafield><datafield ind1="0" ind2="7" tag="785"><subfield code="t">Monon news</subfield><subfield code="x">0747-2846</subfield><subfield code="w">(DLC)sn 84005221</subfield><subfield code="w">(OCoLC)10688174</subfield></datafield><datafield ind1="0" ind2="7" tag="785"><subfield code="t">News &amp; review (Monon, Ind.)</subfield><subfield code="x">1520-5274</subfield><subfield code="w">(DLC)sn 98002204</subfield><subfield code="w">(OCoLC)39493411</subfield></datafield></record>